%%
%% DBLP + 著者名 などでググると BibTeX の書き方がヒットします．
%% DBLP の内容は比較的信用できますが，時々間違っているので注意が必要です．
%% 特に，論文タイトルなどで，固有名詞がちゃんと大文字になっていないことがあるので，
%% その場合は大文字にすべきところを {...} で囲って下さい．
%% （BibTeX では，先頭の文字を除いて，勝手に小文字に変換されます．）
%%
%% ex)  title = {OCaml for Numerical Analysis}
%% ==>  title = {{OC}aml for Numerical Analysis}
%%

%%（これは DBLP ではなく，Pierce の Web ページから持ってきたもの）
@book{Pierce:TypeSystems,
  author = {Benjamin C. Pierce},
  title = {Types and Programming Languages},
  publisher = {MIT Press},
  year = 2002,
  plclub = {Yes},
  bcp = {Yes},
  keys = {books},
  homepage = {http://www.cis.upenn.edu/~bcpierce/tapl},
  errata = {http://www.cis.upenn.edu/~bcpierce/tapl/errata.txt}
}

@inproceedings{2006-Leroy-Blazy-Dargaye,
	author = {Sandrine Blazy and Zaynah Dargaye and Xavier Leroy},
	title = {Formal Verification of a {C} Compiler Front-End},
	booktitle = {FM '06: Int. Symp. on Formal Methods},
	url = {http://gallium.inria.fr/~xleroy/publi/cfront.pdf},
	urlpublisher = {http://dx.doi.org/10.1007/11813040_31},
	hal = {http://hal.inria.fr/inria-00106401/},
	abstract = {This paper presents the formal verification of a compiler front-end
		that translates a subset of the C language into the Cminor
			intermediate language.  The semantics of the source and target
			languages as well as the translation between them have been written in
			the specification language of the Coq proof assistant. The proof of
			observational semantic equivalence between the source and generated
			code has been machine-checked using Coq.  An executable compiler was
			obtained by automatic extraction of executable Caml code from the Coq
			specification of the translator, combined with a certified compiler
			back-end generating PowerPC assembly code from Cminor, described in
			previous work.},
	pubkind = {conf-int-multi}
}

@InProceedings{ImpurePOPL10,
	author = {Adam Chlipala},
	title = {A Verified Compiler for an Impure Functional Language},
	booktitle = {POPL '10},
	url = {http://adam.chlipala.net/papers/ImpurePOPL10/}
}

@article{DBLP:journals/iandc/LeroyG09,
  author    = {Xavier Leroy and
    Herv{\'{e}} Grall},
  title     = {Coinductive big-step operational semantics},
  journal   = {Inf. Comput.},
  volume    = {207},
  number    = {2},
  pages     = {284--304},
  year      = {2009},
  url       = {http://dx.doi.org/10.1016/j.ic.2007.12.004},
  doi       = {10.1016/j.ic.2007.12.004},
  timestamp = {Mon, 20 Apr 2009 13:52:15 +0200},
  biburl    = {http://dblp.uni-trier.de/rec/bib/journals/iandc/LeroyG09},
  bibsource = {dblp computer science bibliography, http://dblp.org}
}

@MISC{09thecoq,
  author = {},
  title = {The Coq Proof Assistant Reference Manual},
  year = {2009}
}

@inproceedings{Chlipala:2008:PHA:1411204.1411226,
  author = {Chlipala, Adam},
  title = {Parametric Higher-order Abstract Syntax for Mechanized Semantics},
  series = {ICFP '08},
  isbn = {978-1-59593-919-7},
  numpages = {14},
  url = {http://doi.acm.org/10.1145/1411204.1411226},
  doi = {10.1145/1411204.1411226},
  acmid = {1411226},
  publisher = {ACM},
  keywords = {compiler verification, dependent types, interactive proof assistants, type-theoretic semantics},
} 

@article {chargueraud-11-ln,
  author = "Arthur Chargu{\'e}raud",
  title = "The Locally Nameless Representation",
  journal = "Journal of Automated Reasoning",
  publisher = "Springer Netherlands",
  issn = "0168-7433",
  pages = "1-46",
  note = "10.1007/s10817-011-9225-2",
  year = "2011",
  mon = may,
}

@inproceedings{Birkedal:1996:RIV:237721.237771,
	author = {Birkedal, Lars and Tofte, Mads and Vejlstrup, Magnus},
	title = {From Region Inference to Von Neumann Machines via Region Representation Inference},
	series = {POPL '96},
	numpages = {13},
	url = {http://doi.acm.org/10.1145/237721.237771},
	doi = {10.1145/237721.237771},
	acmid = {237771},
} 

@inproceedings{DBLP:conf/tacs/Pitts01,
  author    = {Andrew M. Pitts},
  title     = {Nominal Logic: {A} First Order Theory of Names and Binding},
  booktitle = {Theoretical Aspects of Computer Software, 4th International Symposium,
               {TACS} 2001, Sendai, Japan, October 29-31, 2001, Proceedings},
  pages     = {219--242},
  year      = {2001},
  crossref  = {DBLP:conf/tacs/2001},
  url       = {http://dx.doi.org/10.1007/3-540-45500-0_11},
  doi       = {10.1007/3-540-45500-0_11},
  timestamp = {Fri, 19 Jul 2013 09:37:21 +0200},
  biburl    = {http://dblp.uni-trier.de/rec/bib/conf/tacs/Pitts01},
  bibsource = {dblp computer science bibliography, http://dblp.org}
}

@inproceedings{CakeML:ICFP16,
  author    = {Yong Kiam Tan and Magnus O. Myreen and Ramana Kumar and Anthony Fox and Scott Owens and Michael Norrish},
  title     = {A New Verified Compiler Backend for CakeML},
  booktitle = {ICFP '16},
}

@inproceedings{DBLP:conf/icfp/NeisHKMDV15,
  author    = {Georg Neis and
    Chung{-}Kil Hur and
      Jan{-}Oliver Kaiser and
      Craig McLaughlin and
      Derek Dreyer and
      Viktor Vafeiadis},
  title     = {Pilsner: a compositionally verified compiler for a higher-order imperative
    language},
  booktitle = {ICFP '15},
  timestamp = {Tue, 08 Sep 2015 09:24:11 +0200},
  biburl    = {http://dblp.uni-trier.de/rec/bib/conf/icfp/NeisHKMDV15},
  bibsource = {dblp computer science bibliography, http://dblp.org}
}

@book{Pierce:2004:ATT:1076265,
	author = {Pierce, Benjamin C.},
	title = {Advanced Topics in Types and Programming Languages},
	year = {2004},
	isbn = {0262162288},
	publisher = {The MIT Press},
} 

