%%
%% DBLP + 著者名 などでググると BibTeX の書き方がヒットします．
%% DBLP の内容は比較的信用できますが，時々間違っているので注意が必要です．
%% 特に，論文タイトルなどで，固有名詞がちゃんと大文字になっていないことがあるので，
%% その場合は大文字にすべきところを {...} で囲って下さい．
%% （BibTeX では，先頭の文字を除いて，勝手に小文字に変換されます．）
%%
%% ex)  title = {OCaml for Numerical Analysis}
%% ==>  title = {{OC}aml for Numerical Analysis}
%%

%%（これは DBLP ではなく，Pierce の Web ページから持ってきたもの）
@book{Pierce:TypeSystems,
  author = {Benjamin C. Pierce},
  title = {Types and Programming Languages},
  publisher = {MIT Press},
  year = 2002,
  plclub = {Yes},
  bcp = {Yes},
  keys = {books},
  homepage = {http://www.cis.upenn.edu/~bcpierce/tapl},
  errata = {http://www.cis.upenn.edu/~bcpierce/tapl/errata.txt}
}

@inproceedings{2006-Leroy-Blazy-Dargaye,
	author = {Sandrine Blazy and Zaynah Dargaye and Xavier Leroy},
	title = {Formal Verification of a {C} Compiler Front-End},
	booktitle = {FM 2006: Int. Symp. on Formal Methods},
	series = {Lecture Notes in Computer Science},
	publisher = {Springer},
	volume = 4085,
	year = 2006,
	pages = {460--475},
	url = {http://gallium.inria.fr/~xleroy/publi/cfront.pdf},
	urlpublisher = {http://dx.doi.org/10.1007/11813040_31},
	hal = {http://hal.inria.fr/inria-00106401/},
	abstract = {This paper presents the formal verification of a compiler front-end
		that translates a subset of the C language into the Cminor
			intermediate language.  The semantics of the source and target
			languages as well as the translation between them have been written in
			the specification language of the Coq proof assistant. The proof of
			observational semantic equivalence between the source and generated
			code has been machine-checked using Coq.  An executable compiler was
			obtained by automatic extraction of executable Caml code from the Coq
			specification of the translator, combined with a certified compiler
			back-end generating PowerPC assembly code from Cminor, described in
			previous work.},
	pubkind = {conf-int-multi}
}

@InProceedings{ImpurePOPL10,
	author = {Adam Chlipala},
	title = {A Verified Compiler for an Impure Functional Language},
	booktitle = {POPL'10: Proceedings of the 37th ACM SIGPLAN-SIGACT Symposium on Principles of Programming Languages},
	month = jan,
	year = {2010},
	location = {Madrid, Spain},
	url = {http://adam.chlipala.net/papers/ImpurePOPL10/}
}

@InProceedings{DBLP:conf/icfp/Sumii05,
  author    = {Eijiro Sumii},
  title     = {Min{C}aml: a simple and efficient compiler for a minimal functional
               language},
  booktitle = {Proceedings of the 2005 workshop on Functional and declarative programming
               in education, Tallinn, Estonia, September 25 - 25, 2005},
  pages     = {27--38},
  year      = {2005},
  url       = {http://doi.acm.org/10.1145/1085114.1085122},
  doi       = {10.1145/1085114.1085122},
  timestamp = {Thu, 20 Nov 2014 19:10:57 +0100},
  biburl    = {http://dblp.uni-trier.de/rec/bib/conf/icfp/Sumii05},
  bibsource = {dblp computer science bibliography, http://dblp.org}
}

@article{DBLP:journals/iandc/LeroyG09,
  author    = {Xavier Leroy and
    Herv{\'{e}} Grall},
  title     = {Coinductive big-step operational semantics},
  journal   = {Inf. Comput.},
  volume    = {207},
  number    = {2},
  pages     = {284--304},
  year      = {2009},
  url       = {http://dx.doi.org/10.1016/j.ic.2007.12.004},
  doi       = {10.1016/j.ic.2007.12.004},
  timestamp = {Mon, 20 Apr 2009 13:52:15 +0200},
  biburl    = {http://dblp.uni-trier.de/rec/bib/journals/iandc/LeroyG09},
  bibsource = {dblp computer science bibliography, http://dblp.org}
}

@MISC{09thecoq,
  author = {},
  title = {The Coq Proof Assistant Reference Manual},
  year = {2009}
}

@inproceedings{Chlipala:2008:PHA:1411204.1411226,
  author = {Chlipala, Adam},
  title = {Parametric Higher-order Abstract Syntax for Mechanized Semantics},
  booktitle = {Proceedings of the 13th ACM SIGPLAN International Conference on Functional Programming},
  series = {ICFP '08},
  year = {2008},
  isbn = {978-1-59593-919-7},
  location = {Victoria, BC, Canada},
  pages = {143--156},
  numpages = {14},
  url = {http://doi.acm.org/10.1145/1411204.1411226},
  doi = {10.1145/1411204.1411226},
  acmid = {1411226},
  publisher = {ACM},
  address = {New York, NY, USA},
  keywords = {compiler verification, dependent types, interactive proof assistants, type-theoretic semantics},
} 

@article {chargueraud-11-ln,
  author = "Arthur Chargu{\'e}raud",
  title = "The Locally Nameless Representation",
  journal = "Journal of Automated Reasoning",
  publisher = "Springer Netherlands",
  issn = "0168-7433",
  pages = "1-46",
  note = "10.1007/s10817-011-9225-2",
  year = "2011",
  mon = may,
}

@article{MinCaml110006664764,
	author="住井, 英二郎",
	title="Min{C}amlコンパイラ(ソフトウェア論文)",
	journal="コンピュータソフトウェア",
	ISSN="02896540",
	publisher="一般社団法人日本ソフトウェア科学会",
	year="2008",
	month="apr",
	volume="25",
	number="2",
	pages="28-38",
	URL="http://ci.nii.ac.jp/naid/110006664764/",
	DOI="",
}

@inproceedings{Birkedal:1996:RIV:237721.237771,
	author = {Birkedal, Lars and Tofte, Mads and Vejlstrup, Magnus},
	title = {From Region Inference to Von Neumann Machines via Region Representation Inference},
	booktitle = {Proceedings of the 23rd ACM SIGPLAN-SIGACT Symposium on Principles of Programming Languages},
	series = {POPL '96},
	year = {1996},
	isbn = {0-89791-769-3},
	location = {St. Petersburg Beach, Florida, USA},
	pages = {171--183},
	numpages = {13},
	url = {http://doi.acm.org/10.1145/237721.237771},
	doi = {10.1145/237721.237771},
	acmid = {237771},
	publisher = {ACM},
	address = {New York, NY, USA},
} 

@inproceedings{DBLP:conf/tacs/Pitts01,
  author    = {Andrew M. Pitts},
  title     = {Nominal Logic: {A} First Order Theory of Names and Binding},
  booktitle = {Theoretical Aspects of Computer Software, 4th International Symposium,
               {TACS} 2001, Sendai, Japan, October 29-31, 2001, Proceedings},
  pages     = {219--242},
  year      = {2001},
  crossref  = {DBLP:conf/tacs/2001},
  url       = {http://dx.doi.org/10.1007/3-540-45500-0_11},
  doi       = {10.1007/3-540-45500-0_11},
  timestamp = {Fri, 19 Jul 2013 09:37:21 +0200},
  biburl    = {http://dblp.uni-trier.de/rec/bib/conf/tacs/Pitts01},
  bibsource = {dblp computer science bibliography, http://dblp.org}
}

@inproceedings{DBLP:conf/popl/KumarMNO14,
  author    = {Ramana Kumar and
    Magnus O. Myreen and
      Michael Norrish and
      Scott Owens},
  title     = {CakeML: a verified implementation of {ML}},
  booktitle = {The 41st Annual {ACM} {SIGPLAN-SIGACT} Symposium on Principles of
    Programming Languages, {POPL} '14, San Diego, CA, USA, January 20-21,
    2014},
  pages     = {179--192},
  year      = {2014},
  url       = {http://doi.acm.org/10.1145/2535838.2535841},
  doi       = {10.1145/2535838.2535841},
  timestamp = {Thu, 09 Jan 2014 08:32:32 +0100},
  biburl    = {http://dblp.uni-trier.de/rec/bib/conf/popl/KumarMNO14},
  bibsource = {dblp computer science bibliography, http://dblp.org}
}

@inproceedings{DBLP:conf/icfp/NeisHKMDV15,
  author    = {Georg Neis and
    Chung{-}Kil Hur and
      Jan{-}Oliver Kaiser and
      Craig McLaughlin and
      Derek Dreyer and
      Viktor Vafeiadis},
  title     = {Pilsner: a compositionally verified compiler for a higher-order imperative
    language},
  booktitle = {Proceedings of the 20th {ACM} {SIGPLAN} International Conference on
    Functional Programming, {ICFP} 2015, Vancouver, BC, Canada, September
      1-3, 2015},
  pages     = {166--178},
  year      = {2015},
  url       = {http://doi.acm.org/10.1145/2784731.2784764},
  doi       = {10.1145/2784731.2784764},
  timestamp = {Tue, 08 Sep 2015 09:24:11 +0200},
  biburl    = {http://dblp.uni-trier.de/rec/bib/conf/icfp/NeisHKMDV15},
  bibsource = {dblp computer science bibliography, http://dblp.org}
}

@book{Pierce:2004:ATT:1076265,
	author = {Pierce, Benjamin C.},
	title = {Advanced Topics in Types and Programming Languages},
	year = {2004},
	isbn = {0262162288},
	publisher = {The MIT Press},
} 

