%%
%% DBLP + 著者名 などでググると BibTeX の書き方がヒットします．
%% DBLP の内容は比較的信用できますが，時々間違っているので注意が必要です．
%% 特に，論文タイトルなどで，固有名詞がちゃんと大文字になっていないことがあるので，
%% その場合は大文字にすべきところを {...} で囲って下さい．
%% （BibTeX では，先頭の文字を除いて，勝手に小文字に変換されます．）
%%
%% ex)  title = {OCaml for Numerical Analysis}
%% ==>  title = {{OC}aml for Numerical Analysis}
%%

%%（これは DBLP ではなく，Pierce の Web ページから持ってきたもの）
@book{Pierce:TypeSystems,
  author = {Benjamin C. Pierce},
  title = {Types and Programming Languages},
  publisher = {MIT Press},
  year = 2002,
  plclub = {Yes},
  bcp = {Yes},
  keys = {books},
  homepage = {http://www.cis.upenn.edu/~bcpierce/tapl},
  errata = {http://www.cis.upenn.edu/~bcpierce/tapl/errata.txt}
}

@book{PataHene,
	author    = {David A. Patterson and John L. Hennessy},
	title     = {Computer Organization and Design - The Hardware / Software Interface
		(Revised 4th Edition)},
	series    = {The Morgan Kaufmann Series in Computer Architecture and Design},
	publisher = {Academic Press},
	year      = {2012},
	url       = {http://www.elsevierdirect.com/product.jsp?isbn=9780123747501},
	isbn      = {978-0-12-374750-1},
	timestamp = {Sat, 03 Mar 2012 12:27:52 +0100},
	biburl    = {http://dblp.uni-trier.de/rec/bib/books/daglib/0028245},
	bibsource = {dblp computer science bibliography, http://dblp.org}
}

@misc{NikkeiBP:J-COM,
	author = {nikkei BPnet},
	title = {番外編 ジェイコム株の誤発注事件},
	howpublished = {\url{http://www.nikkeibp.co.jp/style/life/money/trade/051212_bangaihen/index.html}}
}

@inproceedings{2006-Leroy-Blazy-Dargaye,
	author = {Sandrine Blazy and Zaynah Dargaye and Xavier Leroy},
	title = {Formal Verification of a {C} Compiler Front-End},
	booktitle = {FM 2006: Int. Symp. on Formal Methods},
	series = {Lecture Notes in Computer Science},
	publisher = {Springer},
	volume = 4085,
	year = 2006,
	pages = {460--475},
	url = {http://gallium.inria.fr/~xleroy/publi/cfront.pdf},
	urlpublisher = {http://dx.doi.org/10.1007/11813040_31},
	hal = {http://hal.inria.fr/inria-00106401/},
	abstract = {This paper presents the formal verification of a compiler front-end
		that translates a subset of the C language into the Cminor
			intermediate language.  The semantics of the source and target
			languages as well as the translation between them have been written in
			the specification language of the Coq proof assistant. The proof of
			observational semantic equivalence between the source and generated
			code has been machine-checked using Coq.  An executable compiler was
			obtained by automatic extraction of executable Caml code from the Coq
			specification of the translator, combined with a certified compiler
			back-end generating PowerPC assembly code from Cminor, described in
			previous work.},
	pubkind = {conf-int-multi}
}

@InProceedings{ImpurePOPL10,
	author = {Adam Chlipala},
	title = {A Verified Compiler for an Impure Functional Language},
	booktitle = {POPL'10: Proceedings of the 37th ACM SIGPLAN-SIGACT Symposium on Principles of Programming Languages},
	month = jan,
	year = {2010},
	location = {Madrid, Spain},
	url = {http://adam.chlipala.net/papers/ImpurePOPL10/}
}

@InProceedings{DBLP:conf/icfp/Sumii05,
  author    = {Eijiro Sumii},
  title     = {MinCaml: a simple and efficient compiler for a minimal functional
               language},
  booktitle = {Proceedings of the 2005 workshop on Functional and declarative programming
               in education, Tallinn, Estonia, September 25 - 25, 2005},
  pages     = {27--38},
  year      = {2005},
  url       = {http://doi.acm.org/10.1145/1085114.1085122},
  doi       = {10.1145/1085114.1085122},
  timestamp = {Thu, 20 Nov 2014 19:10:57 +0100},
  biburl    = {http://dblp.uni-trier.de/rec/bib/conf/icfp/Sumii05},
  bibsource = {dblp computer science bibliography, http://dblp.org}
}
